@online{trainingKI,
  author={Kunden Blog},
  title={Wie Künstliche Intelligenz Systeme trainiert werden},
  url={https://www.clickworker.de/kunden-blog/kuenstliche-intelligenz-systeme-trainieren/},
  urldate={2024-05-31},
  year={2024}
}

@online{AuswirkungenKI,
  author={Trend Nachrichten},
  title={Die Auswirkungen von Künstlicher Intelligenz auf unsere Kinder und ihre Bedeutung für die Zukunft},
  url={https://www.trendsderzukunft.de/die-auswirkungen-von-kuenstlicher-intelligenz-auf-unsere-kinder-und-ihre-bedeutung-fuer-die-zukunft/},
  urldate={2024-05-31},
  year={2024}
}

@online{NutzungKI,
  author={Europäisches Parlament},
  title={Was ist künstliche Intelligenz und wie wird sie genutzt?},
  url={https://www.europarl.europa.eu/topics/de/article/20200827STO85804/was-ist-kunstliche-intelligenz-und-wie-wird-sie-genutzt},
  urldate={2024-05-31},
  year={2024}
}

@online{FunktionKI,
  author={Marc Stöckel},
  title={Wie funktioniert KI? Künstliche Intelligenz einfach erklärt},
  url={https://www.t-online.de/digital/internet/id_100310396/wie-funktioniert-ki-kuenstliche-intelligenz-einfach-erklaert.html},
  urldate={2024-05-31},
  year={2024}
}

@online{KinderKI,
  author={grubenfuchs},
  title={KI und Kinder: Handlungsempfehlungen für eine sichere und sinnvolle Interaktion},
  url={https://www.grubenfuchs.info/2023/03/13/ki-und-kinder-handlungsempfehlungen-fuer-eine-sichere-und-sinnvolle-interaktion/#:~:text=Eine%20offene%20Kommunikation%20%C3%BCber%20die%20Nutzung%20von%20KI,und%20ihre%20F%C3%A4higkeiten%20im%20Umgang%20mit%20Medien%20weiterentwickeln},
  urldate={2024-05-31},
  year={2024}
}

@online{GefahroderChance,
  author={Trendforschung},
  title={Künstliche Intelligenz: Gefahr oder Chance für Kinder},
  url={https://ifak-kindermedien.de/trendforschung/kuenstliche-intelligenz-gefahr-oder-chance-fuer-kinder/},
  urldate={2024-05-31},
  year={2024}
}

@online{EinflussKI,
  author={Brad Bartlett},
  title={Den Einfluss von KI auf Kinder und die Zukunft verstehen},
  url={https://kidslox.com/de/guide-to/ai-for-kids/},
  urldate={2024-05-31},
  year={2024}
}

@online{ProfitierenKI,
  author={Danijel Bradaric},
  title={Wie Kinder von Künstlicher Intelligenz profitieren können},
  url={https://ki-echo.de/wie-kinder-von-kuenstlicher-intelligenz-profitieren-koennen/},
  urldate={2024-05-31},
  year={2024}
}
